@inbook{sannealingbook,
author = {Henderson, Darrall and Jacobson, Sheldon and Johnson, Alan},
year = {2006},
month = {04},
pages = {287-319},
title = {The Theory and Practice of Simulated Annealing},
booktitle = {Handbook of Metaheuristics},
doi = {10.1007/0-306-48056-5_10},
key = {a}
}

@article{article,
author = {Rufai, Mufutau and Alabison, Raimi and Abidemi, Afeez and Dansu, Emmanuel},
year = {2017},
month = {02},
pages = {135-142},
title = {SOLUTION TO THE TRAVELLING SALESPERSON PROBLEM USING SIMULATED ANNEALING ALGORITHM},
volume = {5},
journal = {Electronic Journal of Mathematical Analysis and Applications},
key = {b}
}

@masterthesis {gannealingthesis,
    author={Xin Yao},
    title={{Optimization by Genetic Annealing}},
    institution={{The Australian National University}},
    school={{Research School of Physical Sciences}},
    url={http://citeseerx.ist.psu.edu/viewdoc/download?doi=10.1.1.56.7606&rep=rep1&type=pdf},
    key = {r}
}

@article {gannealingaplication,
    author = {Yanhui Li, Hao Guo, Lin Wang and Jing Fu},
    title = {{A Hybrid Genetic-Simulated Annealing Algorithm for the Location-Inventory-Routing Problem Considering Returnsunder E-Supply Chain Environment}},
    journal = {The Scientific World Journal},
    volume = {2013},
    note = {Article ID 125893},
    url = {https://www.hindawi.com/journals/tswj/2013/125893/}},
    key = {s}
}

@techreport{ga_vs_sa_tech_report,
    author = {Theodore W Manikas and James T Cain},
    title = {{Genetic Algorithms vs Simulated Annealing A Comparison of Approaches for Solving the Circuit Partitioning Problem}},
    school = {Department of Electrical Engineering
The University of Pittsburgh},
    month = {05},
    year = {1996},
    url = {https://scholar.smu.edu/cgi/viewcontent.cgi?article=1000&context=engineering_compsci_research&fbclid=IwAR0SUF2_FlPPKAwmcYR5I2wRnwCSU5uycmizPbKc_nS2gdaO7QFok-VJUkg},
}

@masterthesis {gk_master_rad,
   author = {Andrija Čajić},
   title = {{Optimizacija algoritmom genetskog kaljenja}},
   school = {Fakultet elektrotehnike i računarstva, Sveučilište u Zagrebu},
   year = {2010},
   month = {06},
   url = {https://bib.irb.hr/datoteka/476942.Cajic_Andrija_Zavrsni_rad_v05_AC.pdf?fbclid=IwAR1Kpssru4LFSzC9_rPrptsHLAmk946xiO6Ph-cMEmhdGVo9Ec9rhyvq5M8},
   key = {m}
}

@misc{lrp_database,
   title = {{Location-Routing Problems (LRP) database \url{http://sweet.ua.pt/~iscf143/_private/SergioBarretoHomePage.htm.}}},
   key = {z}
}